<record xmlns="http://www.loc.gov/MARC21/slim" xmlns:xsi="http://www.w3.org/2001/XMLSchema-instance" xsi:schemaLocation="http://www.loc.gov/MARC21/slim http://www.loc.gov/standards/marcxml/schema/MARC21slim.xsd"><leader>01362cz   2200277n  4500</leader><controlfield tag="001">oca00314874 </controlfield><controlfield tag="005">20000415150646.0</controlfield><controlfield tag="008">790927n| acannaabn          |a aaa      </controlfield><datafield ind1=" " ind2=" " tag="010"><subfield code="a">n  79082349 </subfield></datafield><datafield ind1=" " ind2=" " tag="040"><subfield code="a">DLC</subfield><subfield code="b">eng</subfield><subfield code="c">DLC</subfield><subfield code="d">DLC</subfield><subfield code="d">NjP</subfield><subfield code="d">OCoLC</subfield></datafield><datafield ind1="0" ind2=" " tag="100"><subfield code="a">Cassiodorus,</subfield><subfield code="c">Senator,</subfield><subfield code="d">ca. 487-ca. 580</subfield></datafield><datafield ind1="1" ind2=" " tag="400"><subfield code="a">Cassiodorus, Flavius Magnus Aurelius,</subfield><subfield code="c">Senator,</subfield><subfield code="d">ca. 487-ca. 580</subfield></datafield><datafield ind1="1" ind2=" " tag="400"><subfield code="a">Cassiodorius, Flavius Magnus Aurelius,</subfield><subfield code="c">Senator,</subfield><subfield code="d">ca. 487-ca. 580</subfield></datafield><datafield ind1="1" ind2=" " tag="400"><subfield code="a">Cassiodorus, Magnus Aurelius,</subfield><subfield code="c">Senator,</subfield><subfield code="d">ca. 487-ca. 580</subfield></datafield><datafield ind1="0" ind2=" " tag="400"><subfield code="a">Cassiodor,</subfield><subfield code="c">Senator,</subfield><subfield code="d">ca. 487-ca. 580</subfield></datafield><datafield ind1="0" ind2=" " tag="400"><subfield code="a">Kassiodor,</subfield><subfield code="c">Senator,</subfield><subfield code="d">ca. 487-ca. 580</subfield></datafield><datafield ind1="1" ind2=" " tag="400"><subfield code="a">Cassiodorus Senator, Flavius Magnus Aurelius,</subfield><subfield code="d">ca. 487-ca. 580</subfield><subfield code="w">nnaa</subfield></datafield><datafield ind1="0" ind2=" " tag="400"><subfield code="a">Kasjodor,</subfield><subfield code="c">Senator,</subfield><subfield code="d">ca. 487-ca. 580</subfield></datafield><datafield ind1="1" ind2=" " tag="400"><subfield code="a">Cassiodorus, M. Aurelius,</subfield><subfield code="c">Senator,</subfield><subfield code="d">ca. 487-ca. 580</subfield></datafield><datafield ind1="0" ind2=" " tag="400"><subfield code="a">Cassiodoro,</subfield><subfield code="c">Senator,</subfield><subfield code="d">ca. 487-ca. 580</subfield></datafield><datafield ind1="1" ind2=" " tag="400"><subfield code="a">Cassiodoro, Flavio Magno Aurelio,</subfield><subfield code="c">Senator,</subfield><subfield code="d">ca. 487-ca. 580</subfield></datafield><datafield ind1=" " ind2=" " tag="670"><subfield code="a">His Letters, 1886:</subfield><subfield code="b">t.p. (Magnus Aurelius Cassiodorus)</subfield></datafield><datafield ind1=" " ind2=" " tag="670"><subfield code="a">Zwolski, E. Historia gocka, czyli scytyjska Europa, 1984:</subfield><subfield code="b">t.p. (Kasjodor)</subfield></datafield><datafield ind1=" " ind2=" " tag="670"><subfield code="a">His De antiquariis, 1958:</subfield><subfield code="b">t.p. (M. Aurelii Cassiodori senatoris ...)</subfield></datafield><datafield ind1=" " ind2=" " tag="670"><subfield code="a">Sirago, V.A. Puglia e sud Italia nelle "Variae" di Cassiodoro, 1987.</subfield></datafield><datafield ind1=" " ind2=" " tag="670"><subfield code="a">Cassiodoro, 1993:</subfield><subfield code="b">p. 19, etc. (Flavio Magno Aurelio Cassiodoro)</subfield></datafield></record>